@book{belongia2019reconsideration,
  title={A reconsideration of money growth rules},
  author={Belongia, Michael T and Ireland, Peter N and others},
  year={2019},
  publisher={Boston College}
}

@incollection{guerron2013bayesian,
  title={Bayesian estimation of DSGE models},
  author={Guerr{\'o}n-Quintana, Pablo A and Nason, James M},
  booktitle={Handbook of research methods and applications in empirical macroeconomics},
  year={2013},
  publisher={Edward Elgar Publishing}
}


@article{smets,
  title={Shocks and frictions in US business cycles: A Bayesian DSGE approach},
  author={Smets, Frank and Wouters, Rafael},
  journal={American economic review},
  volume={97},
  number={3},
  pages={586--606},
  year={2007}
}

@article{laffargue2000blanchard,
  title={The Blanchard and Kahnâ€™s conditions in a macroeconometric model with perfect foresight},
  author={Laffargue, Jean-Pierre and others},
  journal={mimeographed Cepremap},
  year={2000},
  publisher={Citeseer}
}

@article{bedard2008optimal,
  title={Optimal acceptance rates for Metropolis algorithms: Moving beyond 0.234},
  author={Bedard, Mylene},
  journal={Stochastic Processes and their Applications},
  volume={118},
  number={12},
  pages={2198--2222},
  year={2008},
  publisher={Elsevier}
}